@inproceedings{EsparzaRW2019,
	title={Parameterized analysis of immediate observation petri nets},
	author={Esparza, Javier and Raskin, Mikhail and Weil-Kennedy, Chana},
	booktitle={International Conference on Applications and Theory of Petri Nets and Concurrency},
	pages={365--385},
	year={2019},
	organization={Springer}
}